<?xml version="1.0"?>
<marc:records xmlns:marc="http://www.loc.gov/MARC21/slim" xmlns:xsi="http://www.w3.org/2001/XMLSchema-instance" xsi:schemaLocation="http://www.loc.gov/MARC21/slim http://www.loc.gov/standards/marcxml/schema/MARC21slim.xsd">
  <marc:record>
    <marc:leader>02964ntm a2200445Ia 4500</marc:leader>
    <marc:controlfield tag="001">9977253252303681</marc:controlfield>
    <marc:controlfield tag="005">20180308123154.0</marc:controlfield>
    <marc:controlfield tag="008">180308s1888    gi a          000 0 arc d</marc:controlfield>
    <marc:datafield ind1=" " ind2=" " tag="035">
  <marc:subfield code="a">(OCoLC)1027966495</marc:subfield>
</marc:datafield>
    <marc:datafield ind1=" " ind2=" " tag="035">
  <marc:subfield code="a">(OCoLC)on1027966495</marc:subfield>
</marc:datafield>
    <marc:datafield ind1=" " ind2=" " tag="040">
  <marc:subfield code="a">PAU</marc:subfield>
  <marc:subfield code="b">eng</marc:subfield>
  <marc:subfield code="c">PAU</marc:subfield>
  <marc:subfield code="e">dacs</marc:subfield>
</marc:datafield>
    <marc:datafield ind1="0" ind2=" " tag="041">
  <marc:subfield code="a">arc</marc:subfield>
  <marc:subfield code="a">heb</marc:subfield>
</marc:datafield>
    <marc:datafield ind1=" " ind2=" " tag="043">
  <marc:subfield code="a">e-it---</marc:subfield>
</marc:datafield>
    <marc:datafield ind1=" " ind2=" " tag="049">
  <marc:subfield code="a">PAUU</marc:subfield>
</marc:datafield>
    <marc:datafield ind1=" " ind2="9" tag="099">
  <marc:subfield code="a">CAJS Rar Ms 470</marc:subfield>
</marc:datafield>
    <marc:datafield ind1="0" ind2="0" tag="245">
  <marc:subfield code="a">Marriage contract,</marc:subfield>
  <marc:subfield code="f">5648 (1888).</marc:subfield>
</marc:datafield>
    <marc:datafield ind1="3" ind2=" " tag="246">
  <marc:subfield code="6">880-01</marc:subfield>
  <marc:subfield code="a">Ketubah : Ank&#x323;ona</marc:subfield>
</marc:datafield>
    <marc:datafield ind1="3" ind2=" " tag="246">
  <marc:subfield code="6">880-02</marc:subfield>
  <marc:subfield code="a">Ketubah : Ank&#x323;onah</marc:subfield>
</marc:datafield>
    <marc:datafield ind1=" " ind2=" " tag="300">
  <marc:subfield code="a">1 leaf :</marc:subfield>
  <marc:subfield code="b">parchment, color illustrations ;</marc:subfield>
  <marc:subfield code="c">51.5 X 37.8 cm</marc:subfield>
</marc:datafield>
    <marc:datafield ind1=" " ind2=" " tag="500">
  <marc:subfield code="6">880-03</marc:subfield>
  <marc:subfield code="a">The wedding took place on the First day [Sun.] of the week, 13th of Nisan, 5648 [25 March 1888] in the city of Ancona. The groom is Yeh&#x323;i&#x2BC;el Elisha&#x2BB; y. ts. v&#x323;. ben ha-manoah&#x323; Gavri&#x2BC;el di Pats n. &#x2BB;E. The bride is called It&#x323;alia m.b.t. bat ha-manoah&#x323; Mosheh Eliyah mi-Pirugia n. &#x2BB;E. Signatures: ha-tsa&#x2BB;ir Refa&#x2BC;el Meshulam mi-Pisaro; ha-tsa&#x2BB;ir Shelomoh Mosheh me-Adumim.</marc:subfield>
</marc:datafield>
    <marc:datafield ind1=" " ind2=" " tag="520">
  <marc:subfield code="a">Manuscript ketubah with standard ketubah text in black ink in Aramaic and Hebrew. Leaf sides have straight edges save for the top which is tapered. Border surrounding the ketubah text with folk decorations of flowers, leaves, and ribbons in gouache. Wedding took place on 13 Nisan 5648 (25 March 1888), in Ancona, Italy.</marc:subfield>
</marc:datafield>
    <marc:datafield ind1=" " ind2=" " tag="546">
  <marc:subfield code="a">Aramaic and Hebrew.</marc:subfield>
</marc:datafield>
    <marc:datafield ind1="1" ind2=" " tag="561">
  <marc:subfield code="a">Sold at auction at Sotheby's, from the estate of Shlomo Moussaieff, 20 Dec. 2017, lot 112.</marc:subfield>
</marc:datafield>
    <marc:datafield ind1="0" ind2="0" tag="600">
  <marc:subfield code="a">Yeh&#x323;i&#x2BC;el Elisha&#x2BB; ben Gavri&#x2BC;el di Pats</marc:subfield>
  <marc:subfield code="x">Marriage.</marc:subfield>
</marc:datafield>
    <marc:datafield ind1="0" ind2="0" tag="600">
  <marc:subfield code="a">It&#x323;alia bat Mosheh Eliyah mi-Pirugia</marc:subfield>
  <marc:subfield code="x">Marriage.</marc:subfield>
</marc:datafield>
    <marc:datafield ind1=" " ind2="0" tag="650">
  <marc:subfield code="a">Ketubah</marc:subfield>
  <marc:subfield code="v">Specimens.</marc:subfield>
</marc:datafield>
    <marc:datafield ind1=" " ind2="0" tag="650">
  <marc:subfield code="a">Prenuptial agreements (Jewish law)</marc:subfield>
  <marc:subfield code="v">Specimens.</marc:subfield>
</marc:datafield>
    <marc:datafield ind1=" " ind2="0" tag="650">
  <marc:subfield code="a">Marriage (Jewish law)</marc:subfield>
</marc:datafield>
    <marc:datafield ind1=" " ind2="0" tag="651">
  <marc:subfield code="a">Ancona (Italy)</marc:subfield>
</marc:datafield>
    <marc:datafield ind1=" " ind2="7" tag="655">
  <marc:subfield code="a">Ketubahs.</marc:subfield>
  <marc:subfield code="2">aat</marc:subfield>
</marc:datafield>
    <marc:datafield ind1=" " ind2="7" tag="655">
  <marc:subfield code="a">Marriage certificates.</marc:subfield>
  <marc:subfield code="2">aat</marc:subfield>
</marc:datafield>
    <marc:datafield ind1=" " ind2="0" tag="655">
  <marc:subfield code="a">Manuscripts, Hebrew</marc:subfield>
  <marc:subfield code="y">19th century.</marc:subfield>
</marc:datafield>
    <marc:datafield ind1="0" ind2=" " tag="700">
  <marc:subfield code="a">Refa&#x2BC;el Meshulam,</marc:subfield>
  <marc:subfield code="c">mi-Pisaro,</marc:subfield>
  <marc:subfield code="e">witness.</marc:subfield>
</marc:datafield>
    <marc:datafield ind1="0" ind2=" " tag="700">
  <marc:subfield code="a">Shelomoh Mosheh,</marc:subfield>
  <marc:subfield code="c">me-Adumim,</marc:subfield>
  <marc:subfield code="e">witness.</marc:subfield>
</marc:datafield>
    <marc:datafield ind1="1" ind2=" " tag="700">
  <marc:subfield code="a">Moussaieff, Shlomo,</marc:subfield>
  <marc:subfield code="e">former owner.</marc:subfield>
</marc:datafield>
    <marc:datafield ind1=" " ind2=" " tag="852">
  <marc:subfield code="b">Library at the Herbert D. Katz Center for Advanced Judaic Studies</marc:subfield>
  <marc:subfield code="a">University of Pennsylvania</marc:subfield>
  <marc:subfield code="e">420 Walnut Street, Philadelphia, Pennsylvania 19106-3703.</marc:subfield>
  <marc:subfield code="j">CAJS Rar Ms 470</marc:subfield>
</marc:datafield>
    <marc:datafield ind1="3" ind2=" " tag="880">
  <marc:subfield code="6">246-01/r</marc:subfield>
  <marc:subfield code="a">&#x5DB;&#x5EA;&#x5D5;&#x5D1;&#x5D4; : &#x5D0;&#x5E0;&#x5E7;&#x5D5;&#x5E0;&#x5D0;</marc:subfield>
</marc:datafield>
    <marc:datafield ind1="3" ind2=" " tag="880">
  <marc:subfield code="6">246-02/r</marc:subfield>
  <marc:subfield code="a">&#x5DB;&#x5EA;&#x5D5;&#x5D1;&#x5D4; : &#x5D0;&#x5E0;&#x5E7;&#x5D5;&#x5E0;&#x5D4;</marc:subfield>
</marc:datafield>
    <marc:datafield ind1=" " ind2=" " tag="880">
  <marc:subfield code="6">500-03/r</marc:subfield>
  <marc:subfield code="a">"&#x5D1;&#x5E8;&#x5D0;&#x5E9;&#x5D5;&#x5DF; &#x5D1;&#x5E9;&#x5D1;&#x5EA; &#x5E9;&#x5DC;&#x5E9;&#x5D4; &#x5E2;&#x5E9;&#x5E8; &#x5D9;&#x5D5;&#x5DD; &#x5DC;&#x5D7;&#x5D3;&#x5E9; &#x5E0;&#x5D9;&#x5E1;&#x5DF; &#x5E9;&#x5E0;&#x5EA; 5648 &#x5DC;&#x5D1;&#x5E8;&#x5D9;&#x5D0;&#x5EA; &#x5E2;&#x5D5;&#x5DC;&#x5DD; &#x5DC;&#x5DE;&#x5E0;&#x5D9;&#x5DF; &#x5E9;&#x5D0;&#x5E0;&#x5D5; &#x5DE;&#x5E0;&#x5D9;&#x5DF; &#x5DB;&#x5D0;&#x5DF; &#x5D0;&#x5E0;&#x5E7;&#x5D5;&#x5E0;&#x5D0; &#x5DE;&#x5EA;&#x5D0; &#x5D3;&#x5D9;&#x5EA;&#x5D1;&#x5D0; &#x5E2;&#x5DC; &#x5DB;&#x5D9;&#x5E3; &#x5D9;&#x5DE;&#x5D0; &#x5D5;&#x5E2;&#x5DC; &#x5E0;&#x5D4;&#x5E8;&#x5D9; &#x5D0;&#x5E1;&#x5E4;&#x5D9; &#x5D5;&#x5E4;&#x5D9;&#x5D5;&#x5DE;&#x5D9;&#x5E9;&#x5D9;&#x5E0;&#x5D5; &#x5D4;&#x5D1;&#x5D7;&#x5D5;&#x5E8; &#x5D5;&#x5DE;&#x5E4;&#x5D5;&#x5D0;&#x5E8; [&#x5DB;&#x5DA;] &#x5D9;&#x5D7;&#x5D9;&#x5D0;&#x5DC; &#x5D0;&#x5DC;&#x5D9;&#x5E9;&#x5E2; &#x5D9;&#x5E6;"&#x5D5; &#x5D1;&#x5DF; &#x5D4;&#x5DE;&#x5E0;&#x5D5;&#x5D7; &#x5D2;&#x5D1;&#x5E8;&#x5D9;&#x5D0;&#x5DC; &#x5D3;&#x5D9; &#x5E4;&#x5D0;&#x5E5; &#x5E0;"&#x5E2; &#x5D0;&#x5DE;&#x5E8; &#x5DC;&#x5D4; &#x5DC;&#x5D4;&#x5D1;&#x5D7;&#x5D5;&#x5E8;&#x5D4; ... &#x5DE;&#x5E8;&#x5EA; &#x5D3;&#x5DE;&#x5EA;&#x5E7;&#x5E8;&#x5D9;&#x5EA; &#x5D0;&#x5D9;&#x5D8;&#x5D0;&#x5DC;&#x5D9;&#x5D0; &#x5DE;&#x5D1;"&#x5EA; &#x5D1;&#x5EA; &#x5D4;&#x5DE;&#x5E0;&#x5D5;&#x5D7; &#x5DE;&#x5E9;&#x5D4; &#x5D0;&#x5DC;&#x5D9;&#x5D4; &#x5DE;&#x5E4;&#x5D9;&#x5E8;&#x5D5;&#x5D2;&#x5D9;&#x5D0; &#x5E0;"&#x5E2; &#x5D4;&#x5D5;&#x5D9; &#x5DC;&#x5D9; &#x5DC;&#x5D0;&#x5E0;&#x5EA;&#x5D5; &#x5DB;&#x5D3;&#x5EA; &#x5DE;&#x5E9;&#x5D4; &#x5D5;&#x5D9;&#x5E9;&#x5E8;&#x5D0;&#x5DC; ... &#x5D4;&#x5E6;&#x5E2;&#x5D9;&#x5E8; &#x5E8;&#x5E4;&#x5D0;&#x5DC; &#x5DE;&#x5E9;&#x5D5;&#x5DC;&#x5DD; &#x5DE;&#x5E4;&#x5D9;&#x5E1;&#x5D0;&#x5E8;&#x5D5;; &#x5D4;&#x5E6;&#x5E2;&#x5D9;&#x5E8; &#x5E9;&#x5DC;&#x5DE;&#x5D4; &#x5DE;&#x5E9;&#x5D4; &#x5DE;&#x5D0;&#x5D3;&#x5D5;&#x5DE;&#x5D9;&#x5DD;."</marc:subfield>
</marc:datafield>
    <marc:datafield ind1=" " ind2=" " tag="994">
  <marc:subfield code="a">C0</marc:subfield>
  <marc:subfield code="b">PAU</marc:subfield>
</marc:datafield>
    <marc:holdings>
      <marc:holding>
        <marc:holding_id>22534079050003681</marc:holding_id>
        <marc:call_number>CAJS Rar Ms 470</marc:call_number>
        <marc:library>KatzLib</marc:library>
        <marc:location>cjsrarms</marc:location>
      </marc:holding>
    </marc:holdings>
  </marc:record>
</marc:records>
